
@article{frances2021learning,
  title={Learning general policies from small examples without supervision},
  author={Franc{\`e}s, Guillem and Bonet, Blai and Geffner, Hector},
  journal={arXiv preprint arXiv:2101.00692},
  year={2021}
}

@inproceedings{bandres2018planning,
  title={Planning with pixels in (almost) real time},
  author={Bandres, Wilmer and Bonet, Blai and Geffner, Hector},
  booktitle={Proceedings of the AAAI Conference on Artificial Intelligence},
  volume={32},
  number={1},
  year={2018}
}


@inproceedings{groshev2018learning,
  title={Learning generalized reactive policies using deep neural networks},
  author={Groshev, Edward and Tamar, Aviv and Goldstein, Maxwell and Srivastava, Siddharth and Abbeel, Pieter},
  booktitle={2018 AAAI Spring Symposium Series},
  year={2018}
}

@inproceedings{subramani2020learning,
  title={Learning efficient representations for fake speech detection},
  author={Subramani, Nishant and Rao, Delip},
  booktitle={Proceedings of the AAAI Conference on Artificial Intelligence},
  volume={34},
  number={04},
  pages={5859--5866},
  year={2020}
}

@article{zhang2021understanding,
  title={Understanding deep learning (still) requires rethinking generalization},
  author={Zhang, Chiyuan and Bengio, Samy and Hardt, Moritz and Recht, Benjamin and Vinyals, Oriol},
  journal={Communications of the ACM},
  volume={64},
  number={3},
  pages={107--115},
  year={2021},
  publisher={ACM New York, NY, USA}
}

@article{hui2020babyai,
  title={BabyAI 1.1},
  author={Hui, David Yu-Tung and Chevalier-Boisvert, Maxime and Bahdanau, Dzmitry and Bengio, Yoshua},
  journal={arXiv preprint arXiv:2007.12770},
  year={2020}
}

@article{mnih2015human,
  title={Human-level control through deep reinforcement learning},
  author={Mnih, Volodymyr and Kavukcuoglu, Koray and Silver, David and Rusu, Andrei A and Veness, Joel and Bellemare, Marc G and Graves, Alex and Riedmiller, Martin and Fidjeland, Andreas K and Ostrovski, Georg and others},
  journal={nature},
  volume={518},
  number={7540},
  pages={529--533},
  year={2015},
  publisher={Nature Publishing Group}
}


@inproceedings{gargmausam,
  title={Mausam. 2020. Symbolic Network: Generalized Neural Policies for Relational MDPs},
  author={Garg, S and Bajpai, A},
  booktitle={International Conference on Machine Learning (ICML)}
}

@inproceedings{toyer2018action,
  title={Action schema networks: Generalised policies with deep learning},
  author={Toyer, Sam and Trevizan, Felipe and Thi{\'e}baux, Sylvie and Xie, Lexing},
  booktitle={Thirty-Second AAAI Conference on Artificial Intelligence},
  year={2018}
}

@article{sanner2009practical,
  title={Practical solution techniques for first-order MDPs},
  author={Sanner, Scott and Boutilier, Craig},
  journal={Artificial Intelligence},
  volume={173},
  number={5-6},
  pages={748--788},
  year={2009},
  publisher={Elsevier}
}

@article{wang2008first,
  title={First order decision diagrams for relational MDPs},
  author={Wang, Chenggang and Joshi, Saket and Khardon, Roni},
  journal={Journal of Artificial Intelligence Research},
  volume={31},
  pages={431--472},
  year={2008}
}

@inproceedings{boutilier2001symbolic,
  title={Symbolic dynamic programming for first-order MDPs},
  author={Boutilier, Craig and Reiter, Raymond and Price, Bob},
  booktitle={IJCAI},
  volume={1},
  pages={690--700},
  year={2001}
}

@inproceedings{DBLP:conf/aaai/BonetFG19,
  author    = {Blai Bonet and
               Guillem Franc{\`{e}}s and
               Hector Geffner},
  title     = {Learning Features and Abstract Actions for Computing Generalized Plans},
  booktitle = {The Thirty-Third {AAAI} Conference on Artificial Intelligence, {AAAI}
               2019, The Thirty-First Innovative Applications of Artificial Intelligence
               Conference, {IAAI} 2019, The Ninth {AAAI} Symposium on Educational
               Advances in Artificial Intelligence, {EAAI} 2019, Honolulu, Hawaii,
               USA, January 27 - February 1, 2019},
  pages     = {2703--2710},
  publisher = {{AAAI} Press},
  year      = {2019},
  url       = {https://doi.org/10.1609/aaai.v33i01.33012703},
  doi       = {10.1609/aaai.v33i01.33012703},
  timestamp = {Tue, 02 Feb 2021 00:00:00 +0100},
  biburl    = {https://dblp.org/rec/conf/aaai/BonetFG19.bib},
  bibsource = {dblp computer science bibliography, https://dblp.org}
}

@inproceedings{helmert2002decidability,
  title={Decidability and Undecidability Results for Planning with Numerical State Variables.},
  author={Helmert, Malte},
  booktitle={AIPS},
  pages={44--53},
  year={2002}
}

@article{on2019symbolic,
  title={Symbolic planning and model-free reinforcement learning: Training taskable agents},
  author={{\'o}n Illanes, Le and Yan, Xi and Icarte, Rodrigo Toro and McIlraith, Sheila A},
  year={2019}
}

@article{srivastava2011environment,
  title={Environment, management attitude, and organizational learning in alliances},
  author={Srivastava, Prashant and Frankwick, Gary L},
  journal={Management decision},
  year={2011},
  publisher={Emerald Group Publishing Limited}
}

@article{silver2020pddlgym,
  title={PDDLGym: Gym environments from PDDL problems},
  author={Silver, Tom and Chitnis, Rohan},
  journal={arXiv preprint arXiv:2002.06432},
  year={2020}
}

@inproceedings{fern2003approximate,
  title={Approximate Policy Iteration with a Policy Language Bias.},
  author={Fern, Alan and Yoon, Sung Wook and Givan, Robert},
  booktitle={NIPS},
  pages={847--854},
  year={2003},
  organization={Citeseer}
}

@inproceedings{cui2019stochastic,
  title={Stochastic planning with lifted symbolic trajectory optimization},
  author={Cui, Hao and Keller, Thomas and Khardon, Roni},
  booktitle={Proceedings of the International Conference on Automated Planning and Scheduling},
  volume={29},
  pages={119--127},
  year={2019}
}

@article{garnelo2019reconciling,
  title={Reconciling deep learning with symbolic artificial intelligence: representing objects and relations},
  author={Garnelo, Marta and Shanahan, Murray},
  journal={Current Opinion in Behavioral Sciences},
  volume={29},
  pages={17--23},
  year={2019},
  publisher={Elsevier}
}

@article{bonet2020general,
  title={General Policies, Serializations, and Planning Width},
  author={Bonet, Blai and Geffner, Hector},
  journal={arXiv preprint arXiv:2012.08033},
  year={2020}
}

@inproceedings{bonet2020high,
  title={High-Level Programming via Generalized Planning and LTL Synthesis},
  author={Bonet, Blai and De Giacomo, Giuseppe and Geffner, Hector and Patrizi, Fabio and Rubin, Sasha},
  booktitle={Proceedings of the International Conference on Principles of Knowledge Representation and Reasoning},
  volume={17},
  number={1},
  pages={152--161},
  year={2020}
}

@inproceedings{frances2021learning,
  title={Learning General Planning Policies from Small Examples Without Supervision},
  author={Franc{\`e}s, Guillem and Bonet, Blai and Geffner, Hector},
  booktitle={Proceedings of the AAAI Conference on Artificial Intelligence},
  volume={35},
  number={13},
  pages={11801--11808},
  year={2021}
}

@inproceedings{aguas2016generalized,
  title={Generalized planning with procedural domain control knowledge},
  author={Aguas, Javier Segovia and Celorrio, Sergio Jim{\'e}nez and Jonsson, Anders},
  booktitle={Twenty-Sixth International Conference on Automated Planning and Scheduling},
  year={2016}
}

@inproceedings{belle2016foundations,
  title={Foundations for generalized planning in unbounded stochastic domains},
  author={Belle, Vaishak and Levesque, Hector J},
  booktitle={Fifteenth International Conference on the Principles of Knowledge Representation and Reasoning},
  year={2016}
}

@inproceedings{ramirez2009plan,
  title={Plan recognition as planning},
  author={Ram{\'\i}rez, Miquel and Geffner, Hector},
  booktitle={Twenty-First International Joint Conference on Artificial Intelligence},
  year={2009}
}

@inproceedings{srivastava2008network,
  title={Network design for reverse logistics},
  author={Srivastava, Samir K},
  journal={Omega},
  volume={36},
  number={4},
  pages={535--548},
  year={2008},
  publisher={Elsevier}
}

@inproceedings{frances2015modeling,
  title={Modeling and computation in planning: Better heuristics from more expressive languages},
  author={Franc{\`e}s, Guillem and Geffner, Hector},
  crossref = {icaps2015},
  pages={70--78}
}

@inproceedings{frances2016strips,
  title={$\exists$-{STRIPS}: Existential Quantification in Planning and Constraint Satisfaction.},
  author={Franc{\`e}s, Guillem and Geffner, Hector},
  crossref = {ijcai2016},
  pages={3082--3088}
}


@inproceedings{frances2017ijcai,
  title={Purely Declarative Action Representations are Overrated: Classical Planning with Simulators},
  author={Franc{\`e}s, G. and Ram{\'i}rez, M. and Lipovetzky, N. and Geffner, H.},
  crossref = {ijcai2017},
  pages={4294--4301}
}

@inproceedings{correa2020lifted,
  title={Lifted Successor Generation using Query Optimization Techniques},
  author={Corr{\^e}a, Augusto B and Pommerening, Florian and Helmert, Malte and Franc{\`e}s, Guillem},
  crossref = {icaps2020},
  pages={To appear}
}


@inproceedings{van1988generality,
  title={Generality versus Specificity: An Experience with {AI} and {OR} Techniques},
  author={Van Hentenryck, Pascal and Carillon, Jean-Philippe},
  booktitle={AAAI Conference on Artificial Intelligence},
  pages={660--664},
  year={1988}
}


@article{van2006global,
  title={Global constraints},
  author={van Hoeve, Willem-Jan and Katriel, Irit},
  journal={Handbook of constraint programming},
  pages={169--208},
  year={2006}
}


@article{smith2006modelling,
  title={Modelling},
  author={Smith, Barbara M},
  journal={Foundations of Artificial Intelligence},
  volume={2},
  pages={377--406},
  year={2006},
  publisher={Elsevier}
}


@inproceedings{masoumi2013organic,
    title = {Organic Synthesis as Artificial Intelligence Planning},
    author = {Masoumi, Arman and Soutchanski, Mikhail and Marrella, Andrea},
    booktitle = {International Semantic Web Applications and Tools for Life Sciences Workshop},
    pages = {1--15},
    year = {2013}
}

@inproceedings{masoumi2015modeling,
  title={Modeling Organic Chemistry and Planning Organic Synthesis},
  author={Masoumi, Arman and Antoniazzi, Megan and Soutchanski, Mikhail},
  booktitle={Proceedings of the 1st Global Conference on Artificial Intelligence (GCAI 2015)},
  pages={176--195},
  year={2015}
}

@InProceedings{bonet-et-al-aaai2019,
  author =       "Blai Bonet and Guillem Franc{\`e}s and H{\'e}ctor Geffner",
  title =        "Learning Features and Abstract Actions for Computing Generalized Plans",
  crossref =     "aaai2019",
  pages =        ""
}
